
@BOOK{Felippa:04,
    author =       {Carlos A. Felippa},
    title =        {Introduction to Finite Element Methods},
    	publisher =    {University of Colorado, Boulder},
    year =         {2004},
    url =          {https://www.colorado.edu/engineering/CAS/courses.d/IFEM.d/Home.html}
}

@ARTICLE{Remacle:12,
    author =       {J.-F. Remacle and J. Lambrechts and B. Seny and E. Marchandise and A. Johnen and C. Geuzainet},
    title =        {Blossom-Quad: a non-uniform quadrilateral mesh generator using a minimum cost perfect matching algorithm},
    journal =      {International Journal for Numerical Methods in Engineering},
    volume =       {89},
    pages =        {1102--1119},
    year =         {2012}
}

@ARTICLE{Xifeng:17,
    author =       {Xifeng Gao and Wenzel Jakob and Marco Tarini and Daniele Panozzo},
    title =        {Robust Hex-Dominant Mesh Generation using Field-Guided Polyhedral Agglomeration},
    journal =      {ACM Transactions on Graphics},
    volume =       {36},
    issue =        {4},
    article =      {114},
    year =         {2017}
}

@ARTICLE{Suri:91,
    author =       {Manil Suri},
    title =        {On the robustness of the $h$- and $p$-versions of the finite-element method},
    journal =      {Journal of Computational and Applied Mathematics},
    volume =       {35},
    pages =        {303--310},
    year =         {1991}
}

@ARTICLE{Babuska&Suri:92:1,
    author =       {Ivo Babu{\u{s}}ka and Manil Suri},
    title =        {On locking and robustness in the finite element method},
    journal =      {SIAM Journal on Numerical Analysis},
    volume =       {29},
    number =       {5},
    pages =        {1261--1293},
    year =         {1992}
}

@ARTICLE{Babuska&Suri:92:2,
    author =       {Ivo Babu{\u{s}}ka and Manil Suri},
    title =        {Locking effects in the finite element approximation of elasticity problems},
    journal =      {Numerische Mathematik},
    volume =       {62},
    pages =        {439--463},
    year =         {1992}
}

@ARTICLE{Winkler:10,
    author =       {Robert Winkler},
    title =        {Comments on Membrane Locking},
    journal =      {Proceedings in Applied Mathematics and Mechanics},
    volume =       {10},
    pages =        {229--230},
    year =         {2010}
}

@ARTICLE{MacNeal:87,
    author =       {Richard H. MacNeal},
    title =        {A theorem regarding the locking of tapered four-noded membrane elements},
    journal =      {International Journal for Numerical Methods in Engineering},
    volume =       {24},
    pages =        {1793--1799},
    year =         {1987}
}

@ARTICLE{Lee&Bathe:93,
    author =       {Nam-Sua Lee and Klaus-J{\"{u}}rgen Bathe},
    title =        {Effects of element distortions on the performance of isoparametric elements},
    journal =      {International Journal for Numerical Methods in Engineering},
    volume =       {36},
    pages =        {3553--3576},
    year =         {1993}
}

@ARTICLE{Babuska:71,
    author =       {Ivo Babu{\u{s}}ka},
    title =        {Error-Bounds for Finite Element Method},
    journal =      {Numerische Mathematik},
    volume =       {16},
    pages =        {322--333},
    year =         {1971}
}

@ARTICLE{Brezzi:74,
    author =       {Franco Brezzi},
    title =        {On the existence, uniqueness and approximation of saddle-point problems arising from lagrangian multipliers},
    journal =      {ESAIM: Mathematical Modelling and Numerical Analysis - Modélisation Mathématique et Analyse Numérique},
    volume =       {8},
    issue =        {R2},
    pages =        {129--151},
    year =         {1974}
}

@BOOK{Hughes:00,
    author =       {Thomas J. R. Hughes},
    title =        {The Finite Element Method--Linear Static and Dynamic Finite Element Analysis},
    publisher =    {Dover Publications},
    year =         {2000}
}

@ARTICLE{Souza:96,
    author =       {E. A. de Souza Neto and D. Peri{\'{c}} and M. Dukto and D. R. J. Owen},
    title =        {Design of simple low order finite elements for large strain analysis of nearly incompressible solids},
    journal =      {International Journal of Solids and Structures},
    volume =       {33},
    issue =        {20--22},
    pages =        {3277--3296},
    year =         {1996}
}

@ARTICLE{Flanagan:81,
    author =       {D. P. Flanagan and T. Belytschko},
    title =        {A uniform strain hexahedron and quadrilateral with orthogonal hourglass control},
    journal =      {International Journal for Numerical Methods in Engineering},
    volume =       {17},
    pages =        {679--706},
    year =         {1981}
}

@ARTICLE{Simo&Rifai:90,
    author =       {J. C. Simo and M. S. Rifai},
    title =        {A class of mixed assumed strain methods and the method of incompatible modes},
    journal =      {International Journal for Numerical Methods in Engineering},
    volume =       {29},
    pages =        {1595--1638},
    year =         {1990}
}

@ARTICLE{Simo&Armero:92,
    author =       {J. C. Simo and F. Armero},
    title =        {Geometrically non-linear enhanced strain mixed methods and the method of incompatible modes},
    journal =      {International Journal for Numerical Methods in Engineering},
    volume =       {33},
    pages =        {1413--1449},
    year =         {1992}
}

@ARTICLE{Simo&Armero&Taylor:93,
    author =       {J. C. Simo and F. Armero and R. L. Taylor},
    title =        {Improved versions of assumed enhanced strain tri-linear elements for 3D finite deformation problems},
    journal =      {Computer Methods in Applied Mechanics and Engineering},
    volume =       {110},
    pages =        {359--386},
    year =         {1993}
}

@ARTICLE{Bathe&Sussman:14,
    author =       {Theodore Sussman and Klaus-J{\"{u}}rgen Bathe},
    title =        {Spurious modes in geometrically nonlinear small displacement finite elements with incompatible modes},
    journal =      {Computers \& Structures},
    volume =       {140},
    pages =        {14--22},
    year =         {2014}
}

@ARTICLE{Bathe&Pantuso:97,
    author =       {Daniel Pantuso and Klaus-J{\"{u}}rgen Bathe},
    title =        {On the stability of mixed finite elements in large strain analysis of incompressible solids},
    journal =      {Finite Elements in Analysis and Design},
    volume =       {28},
    pages =        {83--104},
    year =         {1997}
}

@ARTICLE{Malkus&Hughes:78,
title = "Mixed finite element methods — Reduced and selective integration techniques: A unification of concepts",
journal = "Computer Methods in Applied Mechanics and Engineering",
volume = "15",
number = "1",
pages = "63 - 81",
year = "1978",
issn = "0045-7825",
doi = "https://doi.org/10.1016/0045-7825(78)90005-1",
url = "http://www.sciencedirect.com/science/article/pii/0045782578900051",
author = "David S. Malkus and Thomas J.R. Hughes"
}

@ARTICLE{Chen:13,
    author =       {Jiun-Shyan Chen and Michael Hillman and Marcus R\"{u}ter},
    title =        {An arbitrary order variationally consistent integration for Galerkin meshfree methods},
    journal =      {International Journal for Numerical Methods in Engineering},
    volume =       {95},
    pages =        {387--418},
    year =         {2013}
}

@ARTICLE{Mendez:04,
title = "Imposing essential boundary conditions in mesh-free methods",
journal = "Computer Methods in Applied Mechanics and Engineering",
volume = "193",
number = "12",
pages = "1257 - 1275",
year = "2004",
note = "Meshfree Methods: Recent Advances and New Applications",
issn = "0045-7825",
doi = "https://doi.org/10.1016/j.cma.2003.12.019",
url = "http://www.sciencedirect.com/science/article/pii/S0045782504000222",
author = "Sonia Fernández-Méndez and Antonio Huerta",
keywords = "Essential boundary conditions, Mesh-free methods, Lagrange multipliers, Nitsche's method, Coupling with finite elements"
}

@ARTICLE{Lin:15,
	author =       {Guang Lin and Jiangguo Liu and Farrah Sadre-Marandi},
	title =        {A comparative study on the weak Galerkin, discontinuous Galerkin, and mixed finite element methods},
    journal =      {Journal of Computational and Applied Mathematics},
	volume =       {273},
	pages =        {346--362},
	year  =        {2015}
}

@ARTICLE{Wang:13,
	author =       {J. Wang and X. Ye},
	title =        {A weak Galerkin finite element method for second-order elliptic problems},
    journal =      {Journal of Computational and Applied Mathematics},
	volume =       {241},
	pages =        {103--115},
	year  =        {2013}
}

@ARTICLE{Mu:15:1,
	author =       {Lin Mu and Junping Wang and Xiu Ye},
	title =        {A weak Galerkin finite element method with polynomial reduction},
    journal =      {Journal of Computational and Applied Mathematics},
	volume =       {285},
	pages =        {45--58},
	year  =        {2015}
}

@ARTICLE{Mu:15:2,
	author =       {L. Mu and J. Wang and X. Ye},
	title =        {Weak Galerkin finite element method for second-order elliptic problems on polytopal meshes},
    journal =      {International Journal of Numerical Analysis and Modeling},
	volume =       {12},
	pages =        {31--53},
	year  =        {2015}
}

@ARTICLE{Mu:13,
	author =       {L. Mu and J. Wang and Y. Wang},
	title =        {A computational study of the weak Galerkin method for second-order elliptic equations},
    journal =      {Numerical Algorithms},
	volume =       {63},
	pages =        {753},
	year  =        {2013}
}

@ARTICLE{Li:13,
	author =       {Qiaoluan H. Li and Junping Wang},
	title =        {Weak Galerkin Finite Element Methods for Parabolic Equations},
    journal =      {Numerical Methods for Partial Differential Equations},
	volume =       {29},
	pages =        {2004--2024},
	year  =        {2013}
}

@ARTICLE{Wang:14,
	author =       {X. Wang and N.S. Malluwawadu and F. Gao and T.C. McMillan},
	title =        {A modified weak Galerkin finite element method},
    journal =      {Journal of Computational and Applied Mathematics},
	volume =       {271},
	pages =        {319--329},
	year  =        {2014}
}

@MISC{Ebeida:17,
	place={United States}, 
	title={VoroCrust v. 1.0}, 
	abstractNote={A new software to build and utilize Voronoi Cells in solving a wide range of problems spanning Meshing, optimization and UQ}, 
	author={Ebeida, Mohamed Salah}, 
	year={2017}, 
	month={Jul}
}

@BOOK{Sukumar:17,
  editor = {K. Hormann and N. Sukumar},
  title = {Generalized Barycentric Coordinates in Computer Graphics and 
           Computational Mechanics},
  publisher = {CRC Press},
  address   = {Boca Raton, FL},
  year      = 2017,
  bib2html_dl_html = "https://www.crcpress.com/Generalized-Barycentric-Coordinates-in-Computer-Graphics-and-Computational/Hormann-Sukumar/p/book/9781498763592"
  bib2html_pubtype = {Book},
  bib2html_rescat =  {Polygonal/Polyhedral FE Methods}
} 

@BOOK{Wachspress:75,
	author =       {Eugene L. Wachspress},
	title =        {A Rational Finite Element Basis},
	publisher =    {Academic Press},
	year  =        {1975}
}

@ARTICLE{Joshi:07,
	author =       {Pushkar Joshi and Mark Meyer and Tony DeRose and Brian Green and Tom Sanocki},
	title =        {Harmonic Coordinates for Character Articulation},
    journal =      {ACM Transactions on Graphics},
	volume =       {26},
	issue =        {3},
	article =      {71},
	year  =        {2007}
}

@ARTICLE{Floater:03,
	author =       {Michael S. Floater},
	title =        {Mean value coordinates},
    journal =      {Computer Aided Geometric Design},
	volume =       {20},
	pages =        {19--27},
	year  =        {2003}
}

@ARTICLE{Sukumar:04,
	author =       {N. Sukumar},
	title =        {Construction of polygonal interpolants: a maximum entropy approach},
    journal =      {International Journal for Numerical Methods in Engineering},
	volume =       {61},
	pages =        {2159--2181},
	year  =        {2004}
}

@ARTICLE{Talischi:14,
	author =       {Cameron Talischi and Glaucio H. Paulino},
	title =        {Addressing integration error for polygonal finite elements through polynomial projections: A patch test connection},
    journal =      {Mathematical Models and Methods in Applied Sciences},
	volume =       {24},
	issue =        {8},
	pages =        {1701--1727},
	year  =        {2014}
}

@ARTICLE{Talischi:15,
	author =       {Cameron Talischi and Anderson Pereira and Ivan F. M. Menezes and Glaucio H. Paulino},
	title =        {Gradient correction for polygonal and polyhedral finite elements},
    journal =      {International Journal for Numerical Methods in Engineering},
	volume =       {102},
	pages =        {728--747},
	year  =        {2015}
}

@ARTICLE{Chi:16,
	author =       {Heng Chi and Cameron Talischi and Oscar Lopez-Pamies and Glaucio H. Paulino},
	title =        {A paradigm for higher-order polygonal elements in finite elasticity using a gradient correction scheme},
    journal =      {Computer Methods in Applied Mechanics and Engineering},
	volume =       {306},
	pages =        {216--251},
	year  =        {2016}
}

@ARTICLE{Veiga:13,
	author =       {L. Beir{\~{a}}o da Veiga and F. Brezzi and A. Cangiani and G. Manzini and L. D. Marini and A. Russo},
	title =        {Basic principles of virtual element methods},
    journal =      {Computer Methods in Applied Mechanics and Engineering},
	volume =       {23},
	issue =        {1},
	pages =        {199--214},
	year  =        {2013}
}

@article{Gain:13,
	author = {Arun Gain and Cameron Talischi and Glaucio H. Paulino},
	year = {2013},
	month = {11},
	pages = {},
	title = {On the Virtual Element Method for Three-Dimensional Elasticity 	Problems on Arbitrary Polyhedral Meshes},
	volume = {282},
	journal = {Computer Methods in Applied Mechanics and Engineering}
}

@ARTICLE{Veiga:15,
	author =       {L. Beir{\~{a}}o da Veiga and C. Lovadina and D. Mora},
	title =        {A Virtual Element Method for elastic and inelastic problems on polytope meshes},
    journal =      {Computer Methods in Applied Mechanics and Engineering},
	volume =       {295},
	pages =        {327--346},
	year  =        {2015}
}

@ARTICLE{Chi:17,
	author =       {H. Chi and L. Beir{\~{a}}o da Veiga and G. H. Paulino},
	title =        {Some basic formulations of the virtual element method (VEM) for finite deformations},
    journal =      {Computer Methods in Applied Mechanics and Engineering},
	volume =       {318},
	pages =        {148--192},
	year  =        {2017}
}

@ARTICLE{Rashid:00,
	author =       {M. M. Rashid and P. M. Gullett},
	title =        {On a finite element method with variable element topology},
    journal =      {Computer Methods in Applied Mechanics and Engineering},
	volume =       {190},
	pages =        {1509--1527},
	year  =        {2000}
}

@ARTICLE{Dohrmann:02,
	author =       {C. R. Dohrmann and M. M. Rashid},
	title =        {Polynomial approximation of shape function gradients from element geometries},
    journal =      {International Journal for Numerical Methods in Engineering},
	volume =       {53},
	pages =        {945--958},
	year  =        {2002}
}

@ARTICLE{Rashid:06,
	author =       {M. M. Rashid and M. Selimoti{\'{c}}},
	title =        {A three-dimensional finite element method with arbitrary polyhedral elements},
    journal =      {International Journal for Numerical Methods in Engineering},
	volume =       {67},
	pages =        {226--252},
	year  =        {2006}
}

@PHDTHESIS{Selimotic:08,
	author       = {Mili Selimoti{\'{c}}}, 
	title        = {Polyhedral Finite-Element Approximants in 3D Solid Mechanics},
	school       = {University of California, Davis},
	year         = {2008}
}

@ARTICLE{Rashid:12,
	author =       {M. M. Rashid and A. Sadri},
	title =        {The partitioned element method in computational solid mechanics},
    journal =      {Computer Methods in Applied Mechanics and Engineering},
	volume =       {237--240},
	pages =        {152--165},
	year  =        {2012}
}

@ARTICLE{Bishop:14,
	author =       {J. E. Bishop},
	title =        {A displacement-based finite element formulation for general polyhedra using harmonic shape functions},
    journal =      {International Journal for Numerical Methods in Engineering},
	volume =       {97},
	pages =        {1--31},
	year  =        {2014}
}

@ARTICLE{Rashid:93,
  Title                    = {Incremental Kinematics for Finite Element Applications},
  Author                   = {Rashid, M. M.},
  Journal                  = {International Journal for Numerical Methods in Engineering},
  Volume                   = {36},
  Pages                    = {3937-3956},
  Year                     = {1993},
}

@ARTICLE{kinematics_paper,
  Title                    = {An Incremental Kinematics Implementation for Finite Element Applications in Finite Deformation Continuum Mechanics},
  Author                   = {Omar Hafez and Brian Giffin and Sam Mish and Mark M. Rashid},
  Journal                  = {(In progress)}
}

@ARTICLE{Stummel:79,
    author =       {Friedrich Stummel},
    title =        {The generalized patch test},
    journal =      {SIAM Journal on Numerical Analysis},
    volume =       {16},
    number =       {3},
    pages =        {449--471},
    year =         {1979}
}

@ARTICLE{Shi:87,
    author =       {Zhong-ci Shi},
    title =        {The F-E-M-Test for Convergence of Nonconforming Finite Elements},
    journal =      {Mathematics of Computation},
    volume =       {49},
    number =       {180},
    pages =        {391--405},
    year =         {1987}
}

@ARTICLE{Gordon:74,
    author =       {William J. Gordon and James A. Wixom},
    title =        {Pseudo-Harmonic Interpolation on Convex Domains},
    journal =      {SIAM Journal on Numerical Analysis},
    volume =       {11},
    number =       {5},
    pages =        {909--933},
    year =         {1974}
}

@ARTICLE{Martin:08,
    author =       {Sebastian Martin and Peter Kaufmann and Mario Botsch and Martin Wicke and Markus Gross},
    title =        {Polyhedral Finite Elements Using Harmonic Basis Functions},
    journal =      {Eurographics Symposium on Geometry Processing 2008},
    volume =       {27},
    number =       {5},
    year =         {2008}
}

@ARTICLE{Gillette:16,
	author = {{Gillette, Andrew} and {Rand, Alexander}},
	title = {Interpolation error estimates for harmonic coordinates   on polytopes},
	DOI= "10.1051/m2an/2015096",
	url= "https://doi.org/10.1051/m2an/2015096",
	journal = {ESAIM: M2AN},
	year = 2016,
	volume = 50,
	number = 3,
	pages = "651-676"
}

@ARTICLE{Chin:15,
    author =       {Eric B. Chin and Jean B. Lasserre and N. Sukumar},
    title =        {Numerical integration of homogeneous functions on convex and nonconvex polygons and polyhedra},
    journal =      {Computational Mechanics},
    volume =       {56},
    pages =        {967--981},
    year =         {2015}
}

@ARTICLE{Juntunen&Stenberg:09,
    author =       {Mika Juntunen and Rolf Stenberg},
    title =        {Nitsche's method for general boundary conditions},
    journal =      {Mechanics of Computation},
    volume =       {78},
    number =       {267},
    pages =        {1353--1374},
    year =         {2009}
}

@ARTICLE{Freund:95,
author = {Freund, Jouni and Stenberg, Rolf},
year = {1995},
month = {01},
pages = {327-336},
title = {On weakly imposed boundary conditions for second order problems},
booktitle = {Proceedings of the Ninth International Conference on Finite Elements in Fluids}
}

@ARTICLE{Burman:12,
author = {Erik Burman},
title = {A Penalty-Free Nonsymmetric Nitsche-Type Method for the Weak Imposition of Boundary Conditions},
journal = {SIAM Journal on Numerical Analysis},
volume = {50},
number = {4},
pages = {1959-1981},
year = {2012}
}

@BOOK{Riviere:08,
	author = {B\'{e}atrice Rivi\`{e}re},
	title = {Discontinuous Galerkin Methods for Solving Elliptic and Parabolic Equations: Theory and Implementation},
	publisher = {Society for Industrial and Applied Mathematics},
	year = {2008},
	chapter = {2},
	isbn = {9780898716566},
	address = {3600 Market Street, 6th Floor, Philadelphia, PA 19104-2688 USA}
}

@ARTICLE{Riviere:01,
author = {B\'{e}atrice Rivi\`{e}re and Mary F. Wheeler and Vivette Girault},
title = {A Priori Error Estimates for Finite Element Methods Based on Discontinuous Approximation Spaces for Elliptic Problems},
journal = {SIAM Journal on Numerical Analysis},
volume = {39},
number = {3},
pages = {902-931},
year = {2001}
}

@article{Oden:98,
 author = {Oden, J.Tinsley and Babu\^{s}ka, Ivo and Baumann, Carlos Erik},
 title = {A Discontinuous hp-Finite Element Method for Diffusion Problems},
 journal = {J. Comput. Phys.},
 issue_date = {1998},
 volume = {146},
 number = {2},
 month = oct,
 year = {1998},
 issn = {0021-9991},
 pages = {491--519},
 numpages = {29},
 url = {http://dx.doi.org/10.1006/jcph.1998.6032},
 doi = {10.1006/jcph.1998.6032},
 acmid = {301788},
 publisher = {Academic Press Professional, Inc.},
 address = {San Diego, CA, USA},
 keywords = {discontinuous galerkin, finite elements}
} 

@ARTICLE{Ebeida:11,
    author =       {Mohamed S. Ebeida and Scott A. Mitchell},
    title =        {Uniform Random Voronoi Meshes},
    journal =      {Proceedings of the 20th International Meshing Roundtable},
    pages =        {273--290},
    year =         {2011}
}

@BOOK{Wilson:73,
	author = {E.L. Wilson and R. Taylor and W.P. Doherty and Jamshid Ghaboussi},
	title = {Incompatible Displacement Models},
	year = {1973},
	month = {12},
	pages = {43--57},
	isbn = {9780122532504}
}

@ARTICLE{Rajendran:10,
    author =       {S. Rajendran},
    title =        {A technique to develop mesh-distortion immune finite elements},
    journal =      {Computer Methods in Applied Mechanics and Engineering},
    volume =       {199},
    pages =        {1044--1063},
    year =         {2010}
}

@ARTICLE{Liu:09,
title = "An edge-based smoothed finite element method (ES-FEM) for static, free and forced vibration analyses of solids",
journal = "Journal of Sound and Vibration",
volume = "320",
number = "4",
pages = "1100 - 1130",
year = "2009",
issn = "0022-460X",
doi = "https://doi.org/10.1016/j.jsv.2008.08.027",
url = "http://www.sciencedirect.com/science/article/pii/S0022460X08007463",
author = "G.R. Liu and T. Nguyen-Thoi and K.Y. Lam"
}

@ARTICLE{Stummel:80,
    author =       {Friedrich Stummel},
    title =        {The limitations of the patch test},
    journal =      {International Journal for Numerical Methods in Engineering},
    volume =       {16},
    pages =        {177--188},
    year =         {1980}
}

@ONLINE{Wikiversity:17,
  author = {Wikiversity},
  title = {Introduction to Elasticity/Plate with Hole in Tension},
  year = 2017,
  url = {en.wikiversity.org/wiki/Introduction\_to\_Elasticity/Plate\_with\_hole\_in\_tension},
  urldate = {2017-07-26}
}

@MISC{Brannon:11,
 author = {Brannon, Rebecca},
 editor = {The University of Utah Computational Solid Mechanics Research Group},
 title = {Annulus Twist as a verification test},
 url = {https://csmbrannon.net/2011/09/01/annulus-twist/},
 urldate = {2011-09-01}
}

@ARTICLE{Arnold:01,
    author =       {D. N. Arnold and D. Boffi and R. S. Falk and L. Gastaldi},
    title =        {Finite element approximation on quadrilateral meshes},
    journal =      {Communications in Numerical Methods in Engineering},
    volume =       {17},
	number =       {11},
    pages =        {805--812},
    year =         {2001}
}

@ARTICLE{Arnold:02,
    author =       {D. N. Arnold and D. Boffi and R. S. Falk},
    title =        {Approximation by quadrilateral finite elements},
    journal =      {Mathematics of Computation},
    volume =       {71},
    number =       {239},
    pages =        {909--922},
    year =         {2002}
}

@ARTICLE{Cicuttin:17,
	title = "Implementation of Discontinuous Skeletal methods on arbitrary-dimensional, polytopal meshes using generic programming",
	journal = "Journal of Computational and Applied Mathematics",
	year = "2017",
	issn = "0377-0427",
	doi = "https://doi.org/10.1016/j.cam.2017.09.017",
	url = "http://www.sciencedirect.com/science/article/pii/S037704271730448X",
	author = "M. Cicuttin and D.A. Di Pietro and A. Ern"
}

@BOOK{Hesthaven:10,
 author = {Hesthaven, Jan S. and Warburton, Tim},
 title = {Nodal Discontinuous Galerkin Methods: Algorithms, Analysis, and Applications},
 year = {2010},
 isbn = {1441924639, 9781441924636},
 edition = {1st},
 publisher = {Springer Publishing Company, Incorporated},
} 

@ARTICLE {Dunavant:85,
author = {Dunavant, D. A.},
title = {High degree efficient symmetrical Gaussian quadrature rules for the triangle},
journal = {International Journal for Numerical Methods in Engineering},
volume = {21},
number = {6},
publisher = {John Wiley & Sons, Ltd},
issn = {1097-0207},
url = {http://dx.doi.org/10.1002/nme.1620210612},
doi = {10.1002/nme.1620210612},
pages = {1129--1148},
year = {1985},
}

@ARTICLE{Bassi:12,
title = "On the flexibility of agglomeration based physical space discontinuous Galerkin discretizations",
journal = "Journal of Computational Physics",
volume = "231",
number = "1",
pages = "45 - 65",
year = "2012",
issn = "0021-9991",
doi = "https://doi.org/10.1016/j.jcp.2011.08.018",
url = "http://www.sciencedirect.com/science/article/pii/S0021999111005055",
author = "F. Bassi and L. Botti and A. Colombo and D.A. Di Pietro and P. Tesini"
}

@ARTICLE{Grundmann:78,
 ISSN = {00361429},
 URL = {http://www.jstor.org/stable/2156753},
 author = {Axel Grundmann and H. M. M{\"{o}}ller},
 journal = {SIAM Journal on Numerical Analysis},
 number = {2},
 pages = {282-290},
 publisher = {Society for Industrial and Applied Mathematics},
 title = {Invariant Integration Formulas for the n-Simplex by Combinatorial Methods},
 volume = {15},
 year = {1978}
}

@ARTICLE{Talischi:12,
author="Talischi, Cameron
and Paulino, Glaucio H.
and Pereira, Anderson
and Menezes, Ivan F. M.",
title="PolyMesher: a general-purpose mesh generator for polygonal elements written in Matlab",
journal="Structural and Multidisciplinary Optimization",
year="2012",
month="Mar",
day="01",
volume="45",
number="3",
pages="309--328",
issn="1615-1488",
doi="10.1007/s00158-011-0706-z",
url="https://doi.org/10.1007/s00158-011-0706-z"
}



@ARTICLE{Simo&Taylor:86,
author = {Taylor, R. L. and Simo, J. C. and Zienkiewicz, O. C. and Chan, A. C. H.},
title = {The patch test—a condition for assessing FEM convergence},
journal = {International Journal for Numerical Methods in Engineering},
volume = {22},
number = {1},
publisher = {John Wiley & Sons, Ltd},
issn = {1097-0207},
url = {http://dx.doi.org/10.1002/nme.1620220105},
doi = {10.1002/nme.1620220105},
pages = {39--62},
year = {1986},
}

@ARTICLE{Irons:65,
author = {G.P. Bazeley and Y.K. Cheung and B.M. Irons and O.C. Zienkiewicz},
title = {Triangular elements in bending. Conforming and non-conforming solutions},
journal = {Proc. Conf. Matrix Methods in Structural Mechanics},
publisher = {Air Force Institute of Technology, Dayton, Ohio},
year = {1965},
}

@MANUAL{LSDYNA,
title = {LS-DYNA Keyword User's Manual, Volume II: Material Models},
date = {October 16, 2017},
OPTlanguage = {English},
OPTversion = {LS-DYNA R10.0},
OPTorganization = {LSTC},
}

@ARTICLE{Gerberich:62,
author = {W. W. Gerberich and H. E. Martens and R. A. Boundy},
title = {Tensile Properties of Five Low-Alloy and Stainless Steels Under High-Heating-Rate and Constant-Temperature Conditions},
journal = {Jet Propulsion Laboratory},
volume = {Technical Report No. 32-222},
year = {1962}
}

@TECHREPORT{ASTM:08,
type = {Standard},
key = {E 8/E 8M},
year = {2008},
title = {Standard Test Methods for Tension Testing of Metallic Materials},
address = {100 Barr Harbor Drive, PO Box C700, West Conshohocken, PA 19428-2959, United States},
institution = {ASTM International}
}

@ARTICLE{Kim:05,
  title={Finite Element Analysis of the Onset of Necking and the Post-Necking Behaviour during Uniaxial Tensile Testing},
  author={Hyoung Seop Kim and Sung Ho Kim and Woo-Seog Ryu},
  journal={MATERIALS TRANSACTIONS},
  volume={46},
  number={10},
  pages={2159-2163},
  year={2005},
  doi={10.2320/matertrans.46.2159}
}

@ONLINE{ASM:18,
  author = {Aerospace Specification Metals Inc.},
  title = {AISI 4130 Steel, normalized at 870°C (1600°F)},
  year = 2018,
  url = {http://asm.matweb.com/search/SpecificMaterial.asp?bassnum=m4130r},
  urldate = {2018-02-23}
}

@MANUAL{ParaView,
author = {Ayachit, Utkarsh},
title = {The ParaView Guide: A Parallel Visualization Application},
publisher={Kitware},
date = {2015},
OPTversion = {ISBN 978-1930934306},
OPTorganization = {Kitware},
}


@ARTICLE{Hecker:73,
author = {S. S. Hecker},
title = {Influence of Deformation History on the Yield Locus and Stress-Strain Behavior of Aluminum and Copper},
journal = {Metallurgical Transactions},
volume = {4},
pages = {985-989},
year = {1973}
}

@ONLINE{Erhart:11,
  author = {Tobias Erhart},
  title = {Review of Solid Element Formulations in LS-DYNA},
  journal = {LS-DYNA Developers Forum},
  year = 2011,
  url = {http://www.dynamore.ch/en/downloads/papers/forum11/entwicklerforum-2011?set_language=en},
  urldate = {2011-10-12}
}

@ARTICLE{Johnson&Cook:83,
author = {Johnson, G.R. and Cook, W.H.},
title = {A Constitutive Model and Data for Metals Subjected to Large Strains, High Strain Rates, and High Temperatures},
journal = {Proceedings 7th International Symposium on Ballistics, The Hague},
volume = {19-21},
pages = {541-547},
year = {April 1983}
}

@ARTICLE{Gust:82,
author = {W. H. Gust},
title = {High impact deformation of metal cylinders at elevated temperatures},
journal = {Journal of Applied Physics},
volume = {53},
number = {5},
pages = {3566-3575},
year = {1982},
doi = {10.1063/1.331136},
URL = {https://doi.org/10.1063/1.331136},
eprint = {https://doi.org/10.1063/1.331136}
}

@ARTICLE{Hilber&Hughes&Taylor:77,
author = {Hilber, Hans M. and Hughes, Thomas J. R. and Taylor, Robert L.},
title = {Improved numerical dissipation for time integration algorithms in structural dynamics},
journal = {Earthquake Engineering \& Structural Dynamics},
volume = {5},
number = {3},
publisher = {John Wiley \& Sons, Ltd},
issn = {1096-9845},
pages = {283--292},
year = {1977}
}

@ARTICLE{Heinstein:05,
author = {A. C. Robinson and Martin W. Heinstein and Guglielmo Scovazzi},
title = {Lagrangian Modeling at Sandia National Laboratories: Current Status and Future Directions},
journal = {Proceedings of 5LC},
volume = {19-21},
pages = {541-547},
year = {2005}
}

@ARTICLE{Banerjee:05,
author = {Biswajit Banerjee},
title = {Taylor Impact Tests: Detailed Report},
journal = {C-SAFE Internal Report},
volume = {Report No. C-SAFE-CD-IR-05-001},
year = {2005}
}

@PHDTHESIS{Wopschall:17,
author={Wopschall,Steven R.},
year={2017},
title={A Novel Face-on-Face Contact Method for Nonlinear Solid Mechanics},
journal={ProQuest Dissertations and Theses},
pages={229},
keywords={Applied sciences; Constraint enforcement; Contact; Finite elements; Solid mechanics; Mechanics; Engineering; 0346:Mechanics; 0537:Engineering},
isbn={9780355149456},
language={English},
url={https://search.proquest.com/docview/1947710079?accountid=14505},
} 